
@article{yarkoni2017,
	title = {Choosing Prediction Over Explanation in Psychology: Lessons From Machine Learning},
	author = {Yarkoni, Tal and Westfall, Jacob},
	year = {2017},
	month = {11},
	date = {2017-11},
	journal = {Perspectives on Psychological Science},
	pages = {1100--1122},
	volume = {12},
	number = {6},
	doi = {10.1177/1745691617693393},
	url = {http://journals.sagepub.com/doi/10.1177/1745691617693393},
	langid = {en}
}

@article{yarkoni2017,
	title = {Choosing Prediction Over Explanation in Psychology: Lessons From Machine Learning},
	author = {Yarkoni, Tal and Westfall, Jacob},
	year = {2017},
	month = {11},
	date = {2017-11},
	journal = {Perspectives on Psychological Science},
	pages = {1100--1122},
	volume = {12},
	number = {6},
	doi = {10.1177/1745691617693393},
	url = {http://journals.sagepub.com/doi/10.1177/1745691617693393},
	langid = {en}
}
